@article{yu2004joint,
  title={Joint longitudinal-survival-cure models and their application to prostate cancer},
  author={Yu, Menggang and Law, Ngayee J and Taylor, Jeremy MG and Sandler, Howard M},
  journal={Statistica Sinica},
  pages={835--862},
  year={2004},
  publisher={JSTOR}
}

@article{sweeting2011joint,
  title={Joint modelling of longitudinal and time-to-event data with application to predicting abdominal aortic aneurysm growth and rupture},
  author={Sweeting, Michael J and Thompson, Simon G},
  journal={Biometrical Journal},
  volume={53},
  number={5},
  pages={750--763},
  year={2011},
  publisher={Wiley Online Library}
}


@article{tsiatis2004joint,
  title={Joint modeling of longitudinal and time-to-event data: an overview},
  author={Tsiatis, Anastasios A and Davidian, Marie},
  journal={Statistica Sinica},
  pages={809--834},
  year={2004},
  publisher={JSTOR}
}


@article{tsiatis1995modeling,
  title={Modeling the relationship of survival to longitudinal data measured with error. Applications to survival and CD4 counts in patients with AIDS},
  author={Tsiatis, AA and Degruttola, Victor and Wulfsohn, MS},
  journal={Journal of the American Statistical Association},
  volume={90},
  number={429},
  pages={27--37},
  year={1995},
  publisher={Taylor \& Francis Group}
}


@article{gail1981evaluating,
  title={Evaluating serial cancer marker studies in patients at risk of recurrent disease},
  author={Gail, Mitchell H},
  journal={Biometrics},
  pages={67--78},
  year={1981},
  publisher={JSTOR}
}


@article{prentice1982covariate,
  title={Covariate measurement errors and parameter estimation in a failure time regression model},
  author={Prentice, RL},
  journal={Biometrika},
  volume={69},
  number={2},
  pages={331--342},
  year={1982},
  publisher={Oxford University Press}
}




@article{laird1982random,
  title={Random-effects models for longitudinal data},
  author={Laird, Nan M and Ware, James H},
  journal={Biometrics},
  pages={963--974},
  year={1982},
  publisher={JSTOR}
}


@article{dafni1998evaluating,
  title={Evaluating surrogate markers of clinical outcome when measured with error},
  author={Dafni, Urania G and Tsiatis, Anastasios A},
  journal={Biometrics},
  pages={1445--1462},
  year={1998},
  publisher={JSTOR}
}



@article{bycott1998comparison,
  title={A comparison of smoothing techniques for CD4 data measured with error in a time-dependent Cox proportional hazards model},
  author={Bycott, Paul and Taylor, Jeremy},
  journal={Statistics in medicine},
  volume={17},
  number={18},
  pages={2061--2077},
  year={1998},
  publisher={Wiley Online Library}
}

@article{faucett1996simultaneously,
  title={Simultaneously modelling censored survival data and repeatedly measured covariates: a Gibbs sampling approach},
  author={Faucett, Cheryl L and Thomas, Duncan C},
  journal={Statistics in medicine},
  volume={15},
  number={15},
  pages={1663--1685},
  year={1996}
}

@article{harville1977maximum,
  title={Maximum likelihood approaches to variance component estimation and to related problems},
  author={Harville, David A},
  journal={Journal of the American Statistical Association},
  volume={72},
  number={358},
  pages={320--338},
  year={1977},
  publisher={Taylor \& Francis Group}
}


@article{dempster1977maximum,
  title={Maximum likelihood from incomplete data via the EM algorithm},
  author={Dempster, Arthur P and Laird, Nan M and Rubin, Donald B},
  journal={Journal of the royal statistical society. Series B (methodological)},
  pages={1--38},
  year={1977},
  publisher={JSTOR}
}

@article{beath2007infant,
  title={Infant growth modelling using a shape invariant model with random effects},
  author={Beath, Ken J},
  journal={Statistics in medicine},
  volume={26},
  number={12},
  pages={2547--2564},
  year={2007},
  publisher={Wiley Online Library}
}

@article{lawton1972self,
  title={Self modeling nonlinear regression},
  author={Lawton, WH and Sylvestre, EA and Maggio, MS},
  journal={Technometrics},
  volume={14},
  number={3},
  pages={513--532},
  year={1972},
  publisher={Taylor \& Francis}
}


@article{cox1972regression,
  title={Regression Models and Life-Tables},
  author={COX, DR},
  journal={Journal of the Royal Statistical Society. Series B (Methodological)},
  volume={34},
  number={2},
  pages={87--22},
  year={1972}
}

@article{cox1975partial,
  title={Partial likelihood},
  author={Cox, David R},
  journal={Biometrika},
  volume={62},
  number={2},
  pages={269--276},
  year={1975},
  publisher={Oxford University Press}
}

@article{grambsch1994proportional,
  title={Proportional hazards tests and diagnostics based on weighted residuals},
  author={Grambsch, Patricia M and Therneau, Terry M},
  journal={Biometrika},
  volume={81},
  number={3},
  pages={515--526},
  year={1994},
  publisher={Oxford University Press}
}

@article{george2014survival,
  title={Survival analysis and regression models},
  author={George, Brandon and Seals, Samantha and Aban, Inmaculada},
  journal={Journal of Nuclear Cardiology},
  volume={21},
  number={4},
  pages={686--694},
  year={2014},
  publisher={Springer}
}

@article{efron1977efficiency,
  title={The efficiency of Cox's likelihood function for censored data},
  author={Efron, Bradley},
  journal={Journal of the American statistical Association},
  volume={72},
  number={359},
  pages={557--565},
  year={1977},
  publisher={Taylor \& Francis}
}

@book{friedman2001elements,
  title={The elements of statistical learning},
  author={Friedman, Jerome and Hastie, Trevor and Tibshirani, Robert},
  volume={1},
  number={10},
  year={2001},
  publisher={Springer series in statistics New York, NY, USA:}
}

@article{wegman1983splines,
  title={Splines in statistics},
  author={Wegman, Edward J and Wright, Ian W},
  journal={Journal of the American Statistical Association},
  volume={78},
  number={382},
  pages={351--365},
  year={1983},
  publisher={Taylor \& Francis}
}

@book{de1978practical,
  title={A practical guide to splines},
  author={De Boor, Carl and De Boor, Carl and Math{\'e}maticien, Etats-Unis and De Boor, Carl and De Boor, Carl},
  volume={27},
  year={1978},
  publisher={Springer-Verlag New York}
}


@techreport{de1986b,
  title={B (asic)-Spline Basics.},
  author={De Boor, Carl},
  year={1986},
  institution={WISCONSIN UNIV-MADISON MATHEMATICS RESEARCH CENTER}
}