@article{smith1979splines,
  title={Splines as a useful and convenient statistical tool},
  author={Smith, Patricia L},
  journal={The American Statistician},
  volume={33},
  number={2},
  pages={57--62},
  year={1979},
  publisher={Taylor \& Francis}
}

@article{beath2007infant,
  title={Infant growth modelling using a shape invariant model with random effects},
  author={Beath, Ken J},
  journal={Statistics in medicine},
  volume={26},
  number={12},
  pages={2547--2564},
  year={2007},
  publisher={Wiley Online Library}
}

