@article{lindstrom1990nonlinear,
  title={Nonlinear mixed effects models for repeated measures data},
  author={Lindstrom, Mary J and Bates, Douglas M},
  journal={Biometrics},
  pages={673--687},
  year={1990},
  publisher={JSTOR}
}




@article{pinheiro2017package,
  title={Package ‘nlme’},
  author={Pinheiro, Jos{\'e} and Bates, Douglas and DebRoy, Saikat and Sarkar, Deepayan and Heisterkamp, Siem and Van Willigen, Bert and Maintainer, R},
  journal={Linear and Nonlinear Mixed Effects Models, version},
  pages={3--1},
  year={2017},
  publisher={Citeseer}
}

@article{stegmann2018nonlinear,
  title={Nonlinear Mixed-Effects Modeling Programs in R},
  author={Stegmann, Gabriela and Jacobucci, Ross and Harring, Jeffrey R and Grimm, Kevin J},
  journal={Structural Equation Modeling: A Multidisciplinary Journal},
  volume={25},
  number={1},
  pages={160--165},
  year={2018},
  publisher={Taylor \& Francis}
}