@article{olsson1975nelder,
  title={The Nelder-Mead simplex procedure for function minimization},
  author={Olsson, Donald M and Nelson, Lloyd S},
  journal={Technometrics},
  volume={17},
  number={1},
  pages={45--51},
  year={1975},
  publisher={Taylor \& Francis Group}
}

@article{nelder1965simplex,
  title={A simplex method for function minimization},
  author={Nelder, John A and Mead, Roger},
  journal={The computer journal},
  volume={7},
  number={4},
  pages={308--313},
  year={1965},
  publisher={Oxford University Press}
}

@misc{press1992numerical,
  title={Numerical recipes in FORTRAN (Cambridge},
  author={Press, William H and Teukolsky, Saul A and Vetterling, William T and Flannery, Brian P},
  year={1992},
  publisher={Cambridge Univ. Press}
}